<?xml version="1.0" encoding="UTF-8"?><collection xmlns="http://www.loc.gov/MARC21/slim"><record><leader>00404nam--2200133-i-4500</leader><controlfield tag="001">000030825</controlfield><controlfield tag="002">20161230</controlfield><controlfield tag="005">20161230201038</controlfield><controlfield tag="008">060222s1000------------r-----000-0-eng-d</controlfield><datafield ind1=" " ind2=" " tag="100"><subfield code="a">Mcevoy, A.J</subfield></datafield><datafield ind1=" " ind2=" " tag="245"><subfield code="a">Mcnamara l</subfield></datafield><datafield ind1=" " ind2=" " tag="260"><subfield code="a">Pracical Integrated Circuits.Constructional Projects In Microelectronics For The Amateur Experimenter</subfield></datafield><datafield ind1=" " ind2=" " tag="490"><subfield code="a">London, Newnes_butterworths, 1969. 144p</subfield></datafield><datafield ind1=" " ind2=" " tag="852"><subfield code="a">621.382.3</subfield></datafield></record></collection>